@misc{ineaf_burocracia,
    author       = "{INEAF}",
    title        = "{Burocracia}",
    year         = 2024,
    url          = "https://www.ineaf.es/glosario-juridico/burocracia",
    note         = "[Último acceso: 20-oct-2024]"
}

@misc{bid_burocracia,
    author       = "{Benjamin Roseth}",
    title        = "{Burocracia y ciudadanos: Cuando los trámites son lentos, difíciles y caros}",
    year         = 2018,
    url          = "https://blogs.iadb.org/administracion-publica/es/ciudadanos-burocracia-y-tramite/",
    note         = "[Último acceso: 20-oct-2024]"
}


@misc{economista_burocracia,
    author       = "{Raúl Martínez Solares}",
    title        = "{El lodo de la burocracia y la ineficiencia}",
    year         = 2021,
    url          = "https://www.eleconomista.com.mx/opinion/El-lodo-de-la-burocracia-y-la-ineficiencia-20211221-0065.html",
    note         = "[Último acceso: 20-oct-2024]"
}